@INPROCEEDINGS{1602458,
  author={McEvoy, R.P. and Crowe, F.M. and Murphy, C.C. and Marnane, W.P.},
  booktitle={IEEE Computer Society Annual Symposium on Emerging VLSI Technologies and Architectures (ISVLSI'06)}, 
  title={Optimisation of the SHA-2 family of hash functions on FPGAs}, 
  year={2006},
  volume={},
  number={},
  pages={6 pp.-},
  doi={10.1109/ISVLSI.2006.70}}
