@INPROCEEDINGS{1206214,
  author={Sklavos, N. and Koufopavlou, O.},
  booktitle={Proceedings of the 2003 International Symposium on Circuits and Systems, 2003. ISCAS '03.}, 
  title={On the hardware implementations of the SHA-2 (256, 384, 512) hash functions}, 
  year={2003},
  volume={5},
  number={},
  pages={V-V},
  doi={10.1109/ISCAS.2003.1206214}}
